
@article{thomas_jupyter_2016,
  title = {Jupyter {{Notebooks}}---a Publishing Format for Reproducible Computational Workflows},
  copyright = {\textcopyright{}2016 \&copy; The authors and IOS Press.},
  issn = {0000-0000},
  doi = {10.3233/978-1-61499-649-1-87},
  abstract = {It is increasingly necessary for researchers in all fields to write computer code, and in order to reproduce research results, it is important that this code is published. We present Jupyter notebooks, a document format for publishing code, results and explanations in a form that is both readable and executable. We discuss various tools and use cases for notebook documents.},
  journal = {Stand Alone},
  author = {Thomas, Kluyver and Benjamin, Ragan-Kelley and Fernando, P\&eacute;rez and Brian, Granger and Matthias, Bussonnier and Jonathan, Frederic and Kyle, Kelley and Jessica, Hamrick and Jason, Grout and Sylvain, Corlay and Paul, Ivanov and Dami\&aacute;n, Avila and Safia, Abdalla and Carol, Willing and Team, Jupyter Development},
  year = {2016},
  pages = {87--90}
}

@misc{hamrick_2016_2016,
  title = {2016 {{Jupyter Education Survey}}},
  abstract = {This dataset is the responses for the Jupyter education survey conducted in May 2016. This includes the following files:

	questions.pdf A PDF containing the questions that were asked.
	responses.csv A CSV file containing the survey responses.

This survey was designed by Jessica Hamrick (@jhamrick) and was sourced primarily from the Jupyter, Jupyter Education, and Software Carpentry email lists between 04/22/2016 and 05/07/2016.

Available at: https://github.com/jupyter/datasets/tree/master/surveys/2016-05-education-survey},
  publisher = {{GitHub}},
  author = {Hamrick, Jessica B. and {Jupyter Development Team}},
  month = may,
  year = {2016},
  doi = {10.5281/zenodo.51701}
}

@misc{_jupyter-widgets/ipywidgets_,
  title = {Jupyter-Widgets/Ipywidgets: {{Interactive}} Widgets for the {{Jupyter Notebook}}},
  howpublished = {https://github.com/jupyter-widgets/ipywidgets},
  file = {/Users/sam/Zotero/storage/DDRW5CRR/ipywidgets.html}
}

@misc{_binder_,
  title = {Binder (Beta)},
  howpublished = {https://mybinder.org/},
  file = {/Users/sam/Zotero/storage/J3TX9FFA/mybinder.org.html}
}

@misc{_bqplot_2018,
  title = {Bqplot: {{Plotting}} Library for {{IPython}}/{{Jupyter Notebooks}}},
  copyright = {Apache-2.0},
  shorttitle = {Bqplot},
  publisher = {{Bloomberg}},
  month = apr,
  year = {2018},
  file = {/Users/sam/Zotero/storage/CKKUAJU6/bqplot.html}
}

@misc{_arose/nglview_,
  title = {Arose/Nglview: {{IPython}} Widget to Interactively View Molecular Structures and Trajectories},
  howpublished = {https://github.com/arose/nglview},
  file = {/Users/sam/Zotero/storage/IZWSW8FG/nglview.html}
}

@misc{_explorable_,
  title = {Explorable {{Explanations}}},
  abstract = {a hub for learning through play},
  howpublished = {http://explorabl.es/},
  file = {/Users/sam/Zotero/storage/8D2NL2PD/explorabl.es.html}
}

@misc{bret_tangle_2018,
  title = {Tangle: A {{JavaScript}} Library for Reactive Documents},
  shorttitle = {Tangle},
  author = {{bret}},
  month = apr,
  year = {2018},
  file = {/Users/sam/Zotero/storage/R3B6B658/Tangle.html}
}

@misc{_tangle_,
  title = {Tangle: A {{JavaScript}} Library for Reactive Documents},
  howpublished = {http://worrydream.com/Tangle/},
  file = {/Users/sam/Zotero/storage/CT2GXQPN/Tangle.html}
}

@article{stark_sticigui_2004,
  title = {{{SticiGui}}: Statistics Tools for Internet and Classroom Instruction with a Graphic User Interface},
  shorttitle = {{{SticiGui}}},
  journal = {Available at Web site: http://stat-www. berkeley. edu/users/stark/SticiGui/index. htm (8 August 2004)},
  author = {Stark, Philip B.},
  year = {2004},
  file = {/Users/sam/Zotero/storage/BKTG3387/Display.html}
}

@misc{kunin_seeing_,
  title = {Seeing {{Theory}}},
  abstract = {A visual introduction to probability and statistics.},
  language = {en},
  howpublished = {http://seeingtheory.io},
  author = {Kunin, Daniel},
  file = {/Users/sam/Zotero/storage/9VF4A8QC/index.html}
}

@misc{_jupyter/nbconvert_,
  title = {Jupyter/Nbconvert: {{Jupyter Notebook Conversion}}},
  howpublished = {https://github.com/jupyter/nbconvert},
  file = {/Users/sam/Zotero/storage/G45V3MIX/nbconvert.html}
}

@article{bostock_d$3$_2011,
  title = {D\$\^3\$ Data-Driven Documents},
  volume = {17},
  number = {12},
  journal = {IEEE transactions on visualization and computer graphics},
  author = {Bostock, Michael and Ogievetsky, Vadim and Heer, Jeffrey},
  year = {2011},
  pages = {2301--2309},
  file = {/Users/sam/Zotero/storage/2ZWALL3A/Bostock et al. - 2011 - D$^3$ data-driven documents.pdf;/Users/sam/Zotero/storage/PM6TQKBS/6064996.html}
}

@article{satyanarayan_reactive_2016,
  title = {Reactive Vega: {{A}} Streaming Dataflow Architecture for Declarative Interactive Visualization},
  volume = {22},
  shorttitle = {Reactive Vega},
  number = {1},
  journal = {IEEE transactions on visualization and computer graphics},
  author = {Satyanarayan, Arvind and Russell, Ryan and Hoffswell, Jane and Heer, Jeffrey},
  year = {2016},
  pages = {659--668},
  file = {/Users/sam/Zotero/storage/GKU58PZD/Satyanarayan et al. - 2016 - Reactive vega A streaming dataflow architecture f.pdf;/Users/sam/Zotero/storage/S7ZYBDE4/7192704.html}
}

@misc{_most_,
  title = {The {{Most Popular Language For Machine Learning}} and {{Data Science Is}} \ldots{}},
  howpublished = {https://www.kdnuggets.com/2017/01/most-popular-language-machine-learning-data-science.html},
  file = {/Users/sam/Zotero/storage/CDQIWAPU/most-popular-language-machine-learning-data-science.html}
}


